@misc{ExampleDocumentation,
title = {Some resource},
author = {},
howpublished = {\href{}{Link}}
}
