@article{ExampleLiterature,
author = {Author, A and Author, B and Author, C},
title = {Some awesome paper},
journal = {{Some Awesome Journal}},
volume = {XXX},
year = {YYYY},
doi = {10.aaa/xywz.yyyy.bbbb},
}
