@article{
        title = {},
        author = {},
        journal = {},
        volume = {},
        year = {},
        doi = {}
}
